@online{acens,
author={Acens},
  title = {Bases de datos NoSQL.Qué son y tipos que nos podemos encontrar} ,
  url = {https://www.acens.com/wp-content/images/2014/02/bbdd-nosql-wp-acens.pdf},
  note = {Accessed: 2019-06-10}
}
@online{hash,
author={wikipedia},
  title = {NoSQL} ,
  url = {https://es.wikipedia.org/wiki/NoSQL},
  note = {Accessed: 2019-06-10}
}

@online{comparison,
author={GeeksforGeeks},
  title = {Difference between SQL and NoSQL} ,
  url = {https://www.geeksforgeeks.org/difference-between-sql-and-nosql},
  note = {Accessed: 2019-06-10}
}

@online{TiposNoSQL,
author={Ana cyv},
  title = {Existen varios tipos para almacenar información en base de datos NoSQL} ,
  url = {https://platzi.com/comunidad/base-de-datos-nosql},
  note = {Accessed: 2019-06-10}
}

@online{NoSQL,
author={Marcela Sena},
  title = {Como pasar de SQL a NoSQL sin sufrir} ,
  url = {https://medium.com/techwomenc/como-pasar-de-sql-a-nosql-sin-sufrir-e34dd22349e5},
  note = {Accessed: 2019-06-10}
}

@online{No,
author={Shimmy},
  title = {NoSQL Use Case Scenarios or WHEN to use NoSQL } ,
  url = {https://stackoverflow.com/questions/10553860/nosql-use-case-scenarios-or-when-to-use-nosql?newreg=fac86684d9304026bcc4fba49f4f45e0},
  note = {Accessed: 2019-06-10}
}

